1029 1402
460 79 471 95 4

17 132 74 149 civium
83 132 172 148 voluntates
182 131 310 152 suppeditabant,
320 136 358 147 suae
368 131 429 148 civitati
438 131 522 148 inserviret
531 136 560 147 neo
571 131 658 152 quidquam
668 131 748 152 antiquius
758 131 828 152 duoeret,
839 137 887 153 quam
897 133 915 148 ut

16 161 60 177 illam
71 165 135 177 servare
142 165 161 176 ac
173 159 214 176 tueri
224 159 249 176 vel
260 159 312 180 potius
323 159 340 176 in
350 159 435 180 pristinum
445 164 510 176 severae
521 165 540 176 so
552 159 605 181 justae
618 159 711 180 disciplinae
722 160 781 176 statum
794 160 879 176 restituere
891 165 916 176 eo-

16 190 87 208 non-etur,
95 193 175 209 nunquam
183 187 216 208 'qm
224 187 254 203 nisi
262 187 351 204 conditione
358 188 446 208 temporum
454 189 482 204 aut
489 186 600 204 offensionibus
607 187 708 209 popularium
713 192 795 208 repressus
803 193 832 204 sua
839 187 916 205 beneficia

16 216 33 233 in
40 222 74 233 rem
81 215 160 237 publicam
166 215 237 232 conferre
244 215 313 235 destitit,
321 215 430 237 philosophiae
437 217 490 232 autom
498 217 560 232 tanturn
567 215 629 236 tribuit,
636 217 713 237 quantum
720 215 791 233 tribuere
798 221 818 232 ex
825 215 916 232 intermissa

16 250 70 261 rerum
77 244 175 265 publicarum
183 243 293 264 procuratione
301 243 337 263 sibi,
348 243 376 264 qui
383 243 447 264 quidem
454 248 504 264 paene
511 243 570 260 invitus
577 245 618 260 esset
629 243 693 263 otiosus,
704 243 752 260 licere
763 245 835 265 putaret3
846 245 916 260 osterum

17 272 105 289 Stoicorum
115 272 193 289 rationem
204 272 267 288 secutus
278 273 307 291 est,
318 271 351 292 qui,
362 271 392 288 nisi
403 271 417 288 si
428 271 466 292 quid
477 271 592 291 intervenisset,
604 271 691 292 sapientem
699 277 734 288 rem
744 271 824 293 publicam
834 277 916 293 capessere

18 300 73 317 decere
87 302 103 317 ot
117 301 190 321 oportere
204 299 283 316 docerent.
308 299 330 316 At
343 299 417 320 Epicurei
431 299 461 316 uisi
475 299 488 316 si
504 299 544 320 quid
557 299 674 319 intervenisset.
689 299 765 320 sapientis
778 299 827 316 vitm
841 299 858 316 in
868 299 916 316 rebu-

18 328 90 345 civilibus
104 328 164 345 versari
178 327 236 344 debere
247 327 334 348 negabant3
348 327 365 343 in
375 327 411 349 ipsa
421 327 492 347 civitate,
505 327 549 348 cujus
560 327 602 343 nives
613 328 666 347 eraut,
677 328 759 348 tamquam
769 327 917 348 peregrinabantur,

18 362 27 373 e
43 356 77 373 foro
90 356 187 377 publicisque
201 355 341 372 deliberationibus
354 356 370 372 in
384 355 455 372 hortulos
468 361 504 372 suos
519 355 624 375 affluebant,
638 360 658 372 ex
672 355 750 372 communi
761 356 831 372 omnium
842 356 917 372 sonemus

18 384 61 401 ultro
74 384 134 401 exclusi
147 384 179 401 suis
190 384 277 400 amicorum
287 384 349 400 oirculis
361 383 536 405 circumsaepiebantur.
555 383 592 400 Jam
605 388 642 399 vero
657 383 673 400 in
684 389 738 400 rerum
749 383 838 400 divinarum
849 385 917 400 contem-

19 412 88 433 platione
98 414 114 429 et
124 412 234 429 aestimatione
244 413 320 432 quantum
331 412 409 428 intererat
418 412 460 428 inter
470 411 556 432 Epicurum
566 413 583 428 at
593 411 690 428 Cioeronemi
706 411 748 428 Nam
758 412 785 428 hic
795 411 859 433 quidem
870 417 918 433 quae·

19 446 79 461 cunque
93 440 110 456 in
122 445 140 457 re
154 440 217 461 publiea
230 445 265 456 oum
282 445 310 461 spe
323 439 433 456 diuturnitatis
447 441 463 456 et
476 439 564 456 annutans
579 439 641 456 institui
654 439 712 456 vellent
727 439 806 460 homines,
822 440 839 456 in
852 439 918 456 deorum

19 468 62 485 cultu
73 470 89 484 et
99 468 179 489 religionis
190 468 285 484 auctoritate
296 469 314 484 ut
325 468 341 484 in
352 467 442 484 firmissimo
452 467 554 484 fundamento
564 473 599 484 esse
610 467 708 487 collocanda,
721 473 775 484 omnes
786 469 844 488 autem,
855 473 897 489 quae
908 473 918 484 a

19 496 109 513 civitatibus
119 497 172 513 essent
182 496 262 517 sapienter
273 496 379 517 excogitatae,
390 495 433 517 leges
444 497 491 516 atque
501 495 608 512 institutiones
619 495 682 512 divinae
693 495 781 517 sapientiae
791 501 826 512 esse
836 497 918 517 tamquam

19 524 95 545 imagines
106 529 199 545 persuasum
211 523 275 543 habuit;
290 523 355 540 deorum
366 523 408 540 enim
421 524 491 545 ipsorum
505 525 557 540 mente
568 525 616 545 atque
630 524 692 540 ratione
703 529 765 540 omnem
779 523 854 540 mundum
868 523 918 540 admi-

19 552 84 569 nistrari
95 552 168 573 regique,
179 551 260 568 hominum
270 552 313 568 vitae
323 551 383 568 consuli
394 553 411 568 et
421 551 508 573 provideri3
520 557 552 572 qua
563 557 602 568 eura
612 551 656 571 nihil,
668 551 710 572 quod
721 553 749 568 aut
759 553 801 568 esset
812 553 840 568 aut
851 552 917 573 cogitari

19 581 77 601 posset,
85 585 146 596 vacare.
165 579 243 601 Epicurus
250 581 306 596 contra
313 579 391 596 malorum
399 580 563 601 superstitionumque,
575 579 632 601 quibus
639 580 710 596 homines
721 581 822 600 vexarentur,
833 580 918 596 maximam

20 610 82 629 partem
95 614 115 624 ex
126 607 228 629 religionibus
239 608 255 623 in
266 613 321 624 eorum
332 609 385 624 coetus
397 613 478 624 emanasse
488 609 579 627 censuerat,
593 607 631 624 deos
642 613 679 624 vero
691 613 699 624 e
710 607 769 624 mundo
779 609 848 624 remotos
859 608 875 624 in
887 608 918 624 illis

20 636 161 653 intsrmundiorum
175 635 265 657 regionibus
278 637 378 657 reposuerat,
392 635 419 652 ubi
433 635 472 652 nihi]
482 635 560 652 haberent
571 635 634 656 negotii,
646 635 704 652 nedum
715 641 740 652 res
752 636 829 652 humanas
840 637 918 652 curarent.

20 664 81 681 Deinde
88 664 104 680 in
112 664 168 681 etbieis
176 663 231 680 Cicero
238 663 257 680 iis
265 663 364 684 potissimum
370 669 387 680 se
395 663 475 684 applicare
484 663 550 683 solebat,
561 663 588 684 qui
599 669 677 680 summum
688 664 746 680 bonum
757 664 773 680 in
784 664 842 680 virtute
853 665 923 685 propter,

20 697 37 708 se
51 692 102 714 ipsam
116 691 204 713 expetenda
215 693 292 713 ponerent
307 697 399 713 omnemque
410 691 452 708 vitae
463 691 554 708 felicitatem
567 697 587 708 ex
600 696 620 708 ea
630 693 685 713 aptam
698 697 732 709 esse
745 693 824 713 putarent.
849 692 871 709 At
881 692 919 713 Epi-

20 715 67 736 curus
80 725 107 740 ea,
121 725 169 741 quam
182 720 202 736 de
215 719 285 736 moribus
299 720 400 737 instituendis
410 720 498 739 invenerat,
512 719 585 736 doctrina
595 725 643 741 quum
655 722 743 737 ceterorum
754 720 883 741 philosophorum
894 725 919 736 re-

20 747 101 769 pugnabat
114 748 211 769 praeceptis,
225 749 259 764 tum
270 748 341 764 Ciceroni
354 747 419 769 quidem
432 747 474 764 omni
486 747 544 768 agendi
557 748 619 764 ratione
633 754 653 764 ex
666 748 747 770 voluptate
762 748 831 769 repetita
843 748 919 764 virtutem

20 776 71 797 ipsam
84 775 161 792 radicitus
174 775 249 792 evertisse
263 775 351 792 videbatur.
377 775 418 795 Quid
432 775 483 792 diuam
496 775 516 792 ‹le
528 776 607 792 Ciceronis
620 776 679 792 artium
689 776 803 797 literarumque
814 776 877 792 studio?
887 782 919 797 quo

20 809 60 820 unus
74 804 143 820 oninium
156 809 195 820 suae
205 804 263 820 aetatis
274 804 342 820 maxime
355 803 430 823 florebat,
441 803 462 820 aael
473 803 515 825 quod
526 805 571 820 tanto
581 804 631 821 omnis
642 804 746 821 humanitatis
756 809 775 820 ae
786 804 867 821 doctrinae
878 809 919 821 com-

20 832 112 853 plectendae
125 831 183 848 ardore
193 831 282 852 ferebatur,
294 833 312 848 ut
322 832 352 848 liat:
363 832 379 848 in
390 837 408 848 ro
419 837 450 848 non
460 832 510 848 solum
521 837 559 848 suae
570 832 621 853 gentis
632 832 690 849 indolis
701 832 781 848 dissimilis
791 832 827 852 sed,
838 838 858 849 ne
869 832 919 848 Grae-

21 865 75 876 corum
86 859 149 881 quidem
163 857 244 880 cuiquam,
258 860 285 876 illo
297 861 339 876 certe
350 861 429 881 tempore,
440 860 491 881 impar
502 865 536 876 esse
547 860 632 877 videretur.
655 859 696 879 Quid
707 865 744 876 vero
755 859 775 876 de
786 859 855 881 ejusdem
866 860 920 876 divina

21 887 90 909 quadam
104 887 166 904 dicendi
181 889 197 904 et
210 887 298 904 disserendi
311 887 417 909 perfectione?
430 893 471 909 quae
484 889 529 905 tanta
542 888 559 904 in
572 894 590 905 eo
601 888 638 908 fuit,
652 889 671 904 ut
683 888 752 904 omnium
762 892 816 904 rerum
827 893 920 909 magiarum

21 917 69 937 atque
77 916 136 932 artium
144 916 209 932 seientia
219 916 304 932 instructus
313 917 361 937 atque
369 917 434 932 ornatus
442 921 490 937 quum
498 915 519 932 ad
527 916 588 932 animos
599 915 701 933 mediocrium
711 916 792 932 hominum
803 916 920 933 accommodate

22 949 47 962 uc(
54 944 113 960 diserte
126 943 179 960 dicere
193 945 254 965 posset,
268 945 301 960 tum
315 944 358 965 apud
371 943 441 960 homiues
457 944 530 965 politiore
543 944 622 965 elegantia
635 945 742 964 praestantes,
759 949 861 965 quaecunque
874 946 920 961 erant

22 971 116 992 explicanda
124 973 141 988 et
151 977 192 992 quae
203 971 283 993 explicare
293 971 358 992 libebat,
370 971 466 993 eloquenter,
477 972 551 993 graviter,
562 972 642 993 sapienter
653 971 731 988 disserere
742 973 790 993 atque
801 977 862 988 ornare.
882 972 920 993 Epi-

22 1005 60 1016 curo
73 1001 129 1016 eontra
142 1005 203 1019 earum,
218 1005 259 1020 quae
272 1000 318 1021 vulgo
331 999 424 1019 laudantur,
439 1000 496 1016 artium
510 999 649 1020 doctrinarumque
662 1000 793 1021 contemptionem
804 1000 839 1021 quis
850 1000 920 1017 traditur

21 1027 91 1047 liberius,
103 1028 138 1048 quis
146 1027 260 1044 consideratius
267 1033 306 1049 prae
313 1033 330 1044 se
341 1027 405 1044 tulisse?
419 1027 480 1044 Eodem
490 1033 552 1044 omnem
563 1027 644 1049 ejusmodi,
656 1033 703 1048 quam
714 1028 735 1044 ad
744 1027 818 1049 jucunde,
829 1028 920 1049 tranquille,

21 1056 68 1072 beate
75 1055 158 1072 vivendum
165 1055 204 1072 nihil
211 1056 264 1073 valere
270 1056 353 1077 judicaret,
359 1055 441 1072 scientiam
448 1056 483 1077 quis
490 1061 559 1077 unquam
567 1056 635 1072 minoris
639 1056 739 1073 aestimavit?
746 1056 765 1072 In
771 1056 861 1073 dialecticas
867 1058 920 1073 autem

22 1085 38 1100 et
51 1084 130 1100 oratorias
146 1084 266 1101 exercitationes
280 1083 337 1100 mirum
350 1089 398 1105 quam
411 1084 472 1101 infenso
486 1084 538 1100 animo
551 1084 604 1100 invehi
617 1083 686 1104 solebat;
700 1089 738 1100 nain
751 1084 814 1100 omnino
828 1084 920 1105 disputabat

21 1112 81 1128 nullam
94 1117 128 1128 eme
142 1114 193 1129 artem
206 1117 235 1129 nec
249 1111 337 1128 disserendi
349 1118 378 1128 nee
392 1112 454 1128 dicendi
467 1114 514 1133 atque
528 1117 563 1132 eos,
581 1112 608 1133 qui
622 1112 639 1128 in
652 1112 723 1129 tantulas
736 1117 786 1134 nugas
800 1112 883 1129 discendas
896 1112 920 1129 in-

21 1139 120 1160 cumberent,
134 1145 165 1156 non
176 1140 234 1160 solum,
245 1140 283 1161 quia
293 1140 324 1161 ipsi
335 1141 397 1161 tempus
408 1141 478 1157 tererent
488 1139 527 1156 nihil
538 1139 644 1161 presidentes,
656 1140 772 1161 despiciendos,
784 1140 812 1157 sed
823 1140 871 1157 etiam
882 1140 920 1162 quia

10 1173 12 1175 ’
22 1167 120 1184 fallaciarum
127 1169 175 1189 atqu-e
186 1168 276 1189 captionum
287 1169 339 1184 essent
350 1167 419 1185 artifices
429 1168 581 1189 machinator-esque,
592 1173 612 1184 ex
623 1168 730 1189 insipientium
741 1168 821 1184 hominum
832 1173 862 1184 usu
872 1168 920 1184 inter-

22 1195 107 1212 cludendos
117 1196 196 1213 censebat.
218 1196 240 1212 At
250 1201 282 1217 quo
294 1196 358 1212 minoris
369 1196 444 1217 ponderis
454 1196 516 1217 reliqua
526 1196 601 1213 scientiae
612 1201 670 1217 genera
681 1201 715 1212 esse
726 1196 829 1216 existimavit,
841 1201 860 1212 eo
870 1195 920 1217 pluris

22 1223 59 1240 fecit
69 1224 134 1245 physica
145 1229 173 1240 nec
184 1224 268 1245 quicquam
279 1224 299 1240 iis
312 1224 367 1241 habuit
379 1223 491 1245 praestabilius
502 1225 518 1240 et
529 1224 549 1240 ad
560 1224 655 1245 sapientiam
666 1224 789 1245 comparandam
800 1224 856 1245 aptius.
879 1224 921 1243 Quin

22 1252 70 1271 etiam
82 1252 177 1272 universam,
188 1257 236 1273 quam
247 1252 281 1274 ipse
295 1251 359 1276 quidam
369 1251 482 1274 profitebatur,
496 1251 612 1275 philosophiam
623 1257 674 1269 nonne
685 1253 753 1269 natiuae
764 1251 844 1273 quandam
856 1257 921 1275 percep-
