1029 1402
24 143 27 151 ι
43 136 153 157 illecebrisque
168 136 211 152 vocis
224 135 311 157 voluptatis
324 135 405 152 hominm
418 141 474 157 greges
488 141 508 152 ex
521 135 589 152 aliorum
603 135 733 156 pbilosophorum
747 134 805 152 scholis
819 134 891 152 elicuisse

24 170 37 180 ie
48 170 85 181 suos
95 164 150 180 hortos
161 164 230 185 coegisse
242 164 320 185 opinetur.
337 163 422 180 Perierunt
432 163 478 185 longe
489 163 563 185 plurima,
575 169 616 185 quae
626 164 661 184 ipse
672 164 773 185 conscripsit,
785 169 826 184 quae
837 169 892 184 super-

24 203 34 212 .,
48 198 68 209 ex
79 192 99 209 iis
109 192 160 213 magis
171 192 231 212 elucet,
245 191 283 212 quid
295 191 374 212 docuerit,
386 197 418 212 qua
429 192 491 208 ratione
502 191 620 208 demonstrandi
631 197 669 208 usus
680 192 708 211 sit,
720 192 776 208 minus.
799 191 821 207 At
831 192 892 208 certum

34 220 114 237 Ciceronis
125 221 178 237 aetate
189 219 267 241 quosdam
278 219 326 236 fuisse
336 219 432 241 Epicureos,
445 220 473 241 qui
484 219 572 236 disserendi
583 219 671 236 subtilitate
682 219 756 241 omnique
768 219 857 236 eruditione
868 224 893 236 or-

37 254 73 264 cum
87 249 144 265 ceteris
159 248 205 265 sectis
219 249 304 264 certarent.⁷
327 247 390 264 Scilicet
400 253 431 264 uon
442 248 509 264 Latinos
520 248 562 268 rlioo,
576 253 615 269 quos
626 249 692 269 excepto
705 253 736 264 uuo
747 247 775 264 illo
786 248 860 264 Lucretio
871 247 894 263 in-

27 281 36 293 o
44 278 60 292 et
72 276 144 293 doctrina
155 281 186 293 non
197 276 296 297 praestitisse
307 275 391 292 verisimile
403 277 431 295 est,
443 275 471 292 sed
482 275 552 292 Graecos
563 276 670 297 phssosophos
688 275 730 295 Quos
742 275 796 292 Cicero
807 276 841 296 ipse
852 280 895 292 oom-

24 304 62 320 ibus
71 304 110 320 libri
120 304 168 325 primi
179 304 217 320 locis
228 304 284 320 leviter
295 303 378 325 significat,
390 309 486 324 quamquam
497 304 513 320 in
524 304 544 320 iis
556 304 645 320 accuratius
656 303 763 320 describendis
774 309 805 320 non
816 305 892 320 moratur.

24 338 50 349 ren
59 334 105 353 patet
112 332 128 353 (ξ
135 332 161 352 30,
173 332 200 353 ³1)
211 331 260 348 fuisse
271 331 361 351 nonnullos,
373 331 401 352 qui
409 341 430 343 —
439 337 488 353 quum
498 332 582 353 Epicurus,
594 332 637 353 quod
648 332 668 348 ad
679 331 777 353 voluptatem
788 331 893 352 expetendam

24 360 37 376 ,d
49 360 119 377 dolorem
130 357 222 381 fugiendum
233 360 329 380 pertineret,
340 359 357 376 id
369 360 443 379 „sentiri“
455 360 542 380 docuisset,
554 361 572 377 ut
584 360 645 380 „calere
656 360 716 381 ignem,
727 360 779 376 nivem
790 365 824 376 esse
835 359 893 378 albam,

24 394 36 405 :e
50 388 90 404 mel“
105 393 133 404 nec
147 393 187 409 opus
200 393 234 404 esse
249 388 332 408 exquisitis
345 387 433 404 rationibus
444 397 466 399 —
478 388 499 404 ab
512 393 587 404 sensuum
598 388 658 409 judicio
671 389 776 409 provocarent
789 387 810 404 ad
824 388 893 404 animum

24 421 99 437 :memque
112 418 129 432 et
140 416 160 432 de
170 416 257 437 voluptatis
268 416 359 436 dolorisque
370 417 429 432 natura
439 416 503 432 insitam
518 416 535 432 in
546 416 602 433 animis
615 416 674 433 nostris
685 417 736 432 inesse
750 416 830 432 notionem
844 421 894 437 quan-

24 451 28 460 ι
39 444 159 464 contenderent3
173 444 212 465 quin
223 444 271 460 eoam
282 443 326 464 alios,
338 444 365 465 qui
377 449 396 460 ne
407 444 438 460 bac
449 444 513 465 quidem
524 444 588 461 notione
599 444 669 461 naturali
680 444 750 461 contenti
761 445 818 463 esseut,
830 443 863 463 sed,
874 449 894 459 ne

24 473 118 488 ersariorum
132 472 229 493 argumentis
244 472 356 492 obruerentur,
370 472 435 488 nimiam
447 472 463 488 iu
474 473 556 493 opiniones
567 478 604 489 suas
615 472 697 489 fidentium
708 474 782 489 caverent
793 474 809 489 et
820 473 894 488 accurate

24 500 100 516 erendum
114 500 234 521 rationibusque
247 500 340 521 conquisitis
353 500 373 516 de
387 500 469 521 voluptate
483 502 499 516 et
512 500 567 517 dolore
581 500 693 521 disputandum
707 500 829 517 arbitrarentur.
852 500 894 519 Quid

25 528 50 544 ·o¹?
64 528 160 548 Torquatus,
172 530 248 549 quantum
258 528 328 544 amicitia
340 528 361 544 ad
372 528 435 544 beatam
443 529 492 545 vitum
499 528 556 548 valeat,
568 534 616 549 quum
627 529 697 549 exponit,
708 534 759 545 nonne
771 528 831 549 apertis
841 527 894 544 verbis

34 556 105 572 rationes
116 556 211 577 distinguit?
227 556 287 576 Unam,
301 557 319 572 ut
330 556 399 576 videtur,
412 556 433 572 ab
444 556 513 577 Epicuro
524 557 559 577 ipso
570 557 650 573 inventam
660 556 763 577 funditusque
774 556 867 572 collocatam
878 556 895 572 in

24 585 68 604 ,tate3
82 584 154 604 alteram,
166 589 214 605 quam
225 584 285 605 posteri
296 585 313 600 et
323 584 391 601 fortasse
399 584 478 600 Ciceronis
489 584 564 605 aequales
575 584 601 605 (cf.
613 585 626 604 1,
637 585 645 605 ξ
657 585 677 600 69
690 586 736 604 „sunt
747 586 800 601 autem
812 583 894 605 quidam“]

25 612 109 633 ›gitarant,
123 617 164 633 quae
177 612 223 628 initio
237 617 256 629 ex
270 612 340 628 utilitate
356 612 427 633 profecta
441 612 552 633 acquiescebat
565 613 582 628 in
594 612 629 629 sola
643 613 711 629 caritate
722 612 742 629 ab
757 612 799 628 omni
812 611 894 628 commodo

24 645 51 660 na;
65 640 128 656 tertiam
140 640 208 661 denique
220 640 243 661 (Ι,
254 640 263 661 ᾗ
275 641 295 656 70
307 642 353 660 „sunt
364 642 418 657 autem
429 641 456 661 qui
467 640 543 661 dicant‘⁴),
555 646 597 661 quae
607 640 703 661 sapientium
714 640 815 657 consensione
826 639 895 656 conflata

24 668 65 684 inno
76 668 162 684 festinabat
173 668 194 685 sd
205 668 313 689 posthabitam
320 674 365 684 suam
372 668 448 689 cujusque
455 668 547 685 utilitatem!
561 668 631 688 Quarum
639 669 718 685 rationum
726 670 799 685 auctores
807 668 893 685 sententias

24 702 28 712 ι
39 696 136 717 argumentis
147 701 195 717 quam
206 696 299 713 firmissimis
310 696 395 713 munivisse
405 702 435 717 pro
446 698 489 713 certo
500 696 589 718 putandum
600 698 627 713 est.
645 696 715 716 Accedit,
726 696 769 717 quod
780 696 820 713 alibi
831 701 894 717 quoque

24 724 34 740 d
46 724 137 741 Ciceronem
148 724 235 746 elegantior
249 724 328 745 quaedam
339 724 431 745 disputandi
444 730 471 741 ars
482 724 596 745 Epicureorum
607 725 682 741 cernitur.
704 724 784 741 Hirzelius
795 724 836 741 euim
847 724 864 745 (l.
876 724 894 744 1.)

25 758 38 769 ie.
49 754 91 768 recte
101 752 171 773 judicat,
186 757 234 773 quum
249 752 289 769 duas
300 752 320 768 de
331 752 361 768 diis
372 753 516 773 argumentationes
528 753 548 769 ab
559 753 642 774 Epicureis
653 754 734 773 susceptas
746 758 780 769 esse
792 758 811 769 ex
822 752 863 769 libro
875 751 894 768 de

25 780 43 796 D.
58 781 117 801 scripto
131 781 155 801 (l,
171 780 179 802 ξ
192 780 220 801 46)
232 780 299 801 colligit,
313 786 361 796 unam
374 781 432 797 iterum
445 781 466 797 ab
479 781 514 802 ipso
529 781 621 802 disciplinae
634 781 713 802 principe,
731 781 759 801 qui
773 780 811 797 deus
824 780 894 796 humana

24 816 26 823 ι
37 809 89 829 specie
103 814 132 829 per
143 808 223 831 πρόληψιν
234 808 304 829 (notione
317 808 371 824 multis
382 814 456 825 sensuum
469 809 595 830 perceptionibus
609 809 661 825 animo
674 808 730 829 infixa)
742 808 808 829 intelligi
822 808 894 824 docuisse

24 838 63 856 dtur,
77 836 145 853 alteram
156 835 176 852 ab
188 836 248 857 Vellejo
259 836 373 857 Epicureorum
384 837 401 853 in
412 837 439 853 illo
450 837 491 853 libro
503 837 592 857 defensore,
606 842 661 858 quem,
673 837 711 858 quia
722 838 832 858 argiunentum
846 835 895 857 quod-

25 870 29 881 ι
41 864 145 881 urteficiosius
157 864 237 880 inventum
248 864 302 884 addat,
314 864 406 881 dialecticae
418 865 449 881 arti
460 865 499 881 satis
510 865 563 882 snccre
574 865 629 881 Cicero
640 865 674 886 ipse
685 864 761 881 concedat
772 864 798 885 (N.
807 864 826 880 1).
837 863 850 884 1,
862 864 895 885 88).

25 898 44 909 ue
56 892 131 913 equidem
141 892 194 909 nescio
206 897 226 908 an
237 892 316 909 Hirzelius
328 893 377 909 etiam
387 892 417 909 hoc
428 895 471 910 recte
482 893 566 913 existimet,
578 893 620 914 quod
631 894 712 909 auctorem
724 894 740 909 et
751 892 831 909 doctorem
838 892 895 913 Velleji

24 926 70 937 onem
84 920 132 937 fuisso
146 920 189 937 dicit.
215 920 310 937 Certissimis
324 926 361 937 vero
374 922 445 937 veterum
459 921 553 938 testimoniis
567 921 609 937 idem
623 922 659 942 post
674 920 772 937 Carneadem
784 920 895 937 Academicum

24 954 33 965 r
44 949 130 969 Epicureos
144 948 184 964 duas
198 949 249 964 sectas
263 949 343 965 exstitisse
357 949 462 969 demonstrat,
476 955 524 966 unam
538 950 639 970 antiquorum
653 950 669 965 et
683 954 737 965 eorum
751 948 822 970 quidem,
837 948 895 969 quihus

25 976 31 992 l
42 976 127 997 probatum
141 981 175 993 esse
188 972 239 992 risum
250 976 279 996 sit,
293 977 323 993 nisi
337 977 379 998 quod
391 977 469 998 Epicurus
480 978 514 998 ipse
526 977 626 997 tradidisset3
640 977 708 993 alteram
722 982 784 997 eorum,
798 977 826 998 qui
839 977 894 993 critica

25 1004 79 1021 ueadis
89 1004 211 1025 philosophandi
219 1005 281 1021 ratione
288 1005 367 1025 commoti,
378 1010 427 1026 quum
438 1005 517 1025 timerent,
528 1011 548 1022 ne
555 1005 608 1021 omnia
615 1010 645 1021 sua
652 1005 668 1021 in
679 1005 794 1022 dubitationem
801 1006 896 1021 vocarentur

24 1032 165 1052 labefactarentur,
179 1034 212 1049 tam
226 1034 272 1049 acute
286 1034 302 1049 et
315 1034 348 1049 tam
363 1033 446 1054 diligenter
461 1033 568 1055 philosophati
581 1034 621 1053 sint,
635 1034 654 1049 ut
664 1033 744 1054 sophistas
755 1033 797 1050 inter
808 1033 895 1054 Epicureos

24 1061 116 1077 unarentur.
139 1060 158 1076 In
173 1060 202 1076 hoc
216 1066 281 1077 numero
295 1061 368 1077 videntur
379 1061 422 1077 Zeno
436 1062 501 1082 ejusque
515 1061 601 1082 discipulus
612 1061 713 1078 Philodemus
725 1061 781 1081 fuisse,
796 1061 823 1082 qui
835 1062 895 1082 quanta

24 1089 88 1105 toi-itate
99 1090 153 1105 aet-ate
164 1088 267 1105 Ciceroniana
280 1088 371 1109 floruerint,
383 1089 418 1110 jam
432 1094 480 1110 supra
492 1089 517 1110 [cf.
529 1095 544 1110 p.
556 1089 573 1110 8)
587 1090 676 1110 expositum
687 1091 716 1106 est.
741 1089 794 1110 Atque
805 1094 842 1106 vero
853 1089 894 1105 bano

24 1118 72 1133 intem
86 1116 156 1133 scholam
172 1118 243 1133 secutum
257 1122 291 1133 esse
306 1117 405 1137 Lucretium,
421 1117 480 1138 ingenii
493 1118 510 1134 et
523 1117 605 1134 doctrinae
618 1117 704 1133 luminibus
718 1117 813 1138 „Grajorum
826 1116 894 1133 obscura

24 1145 66 1160 πω*
79 1144 190 1165 illustrantem,
202 1144 300 1161 manifestius
312 1146 340 1165 est,
352 1150 399 1165 quam
411 1145 454 1166 quod
465 1151 505 1166 opus
516 1146 537 1161 sit
548 1146 645 1166 argumentis
656 1145 755 1161 confirmare.

69 1172 100 1189 Sed
111 1173 131 1189 (le
141 1172 167 1189 bis
178 1172 242 1194 quidem
253 1172 333 1189 hactenus,
349 1173 429 1190 Permulta
440 1173 533 1194 reliquimus
545 1179 576 1189 non
587 1173 667 1194 expedita,
678 1173 742 1189 vixdum
753 1173 832 1190 inchoata.
852 1173 895 1190 Haec

36 1200 71 1217 loco
82 1200 167 1217 tractanda
178 1201 285 1222 suscipiemus.

70 1230 103 1247 Ser.
114 1231 185 1247 Berolini
196 1237 249 1248 mense
260 1231 318 1248 Martio
329 1231 471 1248 MDCCCLXXIX.

691 1254 712 1273 G.
725 1254 821 1272 Behncke.
